@inproceedings{isola11,
  title={What makes an image memorable?},
  author={Isola, Phillip and Xiao, Jianxiong and Torralba, Antonio and Oliva, Aude},
  booktitle={CVPR},
  pages={145--152},
  year={2011},
}

@inproceedings{isola11nips,
  title={Understanding the intrinsic memorability of images},
  author={Isola, Phillip and Parikh, Devi and Torralba, Antonio and Oliva, Aude},
  booktitle={NIPS},
  pages={2429--2437},
  year={2011}
}

@inproceedings{khosla13,
  title={Modifying the memorability of face photographs},
  author={Khosla, Aditya and Bainbridge, Wilma A and Torralba, Antonio and Oliva, Aude},
  booktitle={ICCV},
  pages={3200--3207},
  year={2013},
}

@article{zoya15,
  title={Intrinsic and extrinsic effects on image memorability},
  author={Bylinskii, Zoya and Isola, Phillip and Bainbridge, Constance and Torralba, Antonio and Oliva, Aude},
  journal={Vision research},
  year={2015},
}

@article{isola14,
  title={What makes a photograph memorable?},
  author={Isola, Phillip and Xiao, Jianxiong and Parikh, Devi and Torralba, Antonio and Oliva, Aude},
  journal={PAMI},
  volume={36},
  number={7},
  pages={1469--1482},
  year={2014},
  publisher={IEEE}
}

@inproceedings{khosla12,
  title={Memorability of image regions},
  author={Khosla, Aditya and Xiao, Jianxiong and Torralba, Antonio and Oliva, Aude},
  booktitle={NIPS},
  pages={305--313},
  year={2012}
}

@inproceedings{kim13,
  title={Relative spatial features for image memorability},
  author={Kim, Jongpil and Yoon, Sejong and Pavlovic, Vladimir},
  booktitle={MM},
  pages={761--764},
  year={2013},
}

@misc{pascal10,
  title={The PASCAL visual object classes challenge 2010 (VOC2010) development kit},
  author={Everingham, Mark and Winn, John},
  year={2010},
  publisher={Citeseer}
}

@inproceedings{lemeur13,
  title={Memorability of natural scenes: the role of attention},
  author={Mancas, Matei and Le Meur, Olivier},
  booktitle={ICIP},
  year={2013}
}

@inproceedings{yin14,
  title={The secrets of salient object segmentation},
  author={Li, Yin and Hou, Xiaodi and Koch, Christof and Rehg, James M and Yuille, Alan L},
  booktitle={CVPR},
  pages={280--287},
  year={2014},
}

@inproceedings{dutomron13,
  title={Saliency detection via graph-based manifold ranking},
  author={Yang, Chuan and Zhang, Lihe and Lu, Huchuan and Ruan, Xiang and Yang, Ming-Hsuan},
  booktitle={CVPR},
  pages={3166--3173},
  year={2013},
}

@article{msra11,
  title={Learning to detect a salient object},
  author={Liu, Tie and Yuan, Zejian and Sun, Jian and Wang, Jingdong and Zheng, Nanning and Tang, Xiaoou and Shum, Heung-Yeung},
  journal={PAMI},
  volume={33},
  number={2},
  pages={353--367},
  year={2011},
}

@article{brady08,
  title={Visual long-term memory has a massive storage capacity for object details},
  author={Brady, Timothy F and Konkle, Talia and Alvarez, George A and Oliva, Aude},
  journal={PNAS},
  volume={105},
  number={38},
  pages={14325--14329},
  year={2008},
}

@incollection{coco14,
  title={Microsoft COCO: Common objects in context},
  author={Lin, Tsung-Yi and Maire, Michael and Belongie, Serge and Hays, James and Perona, Pietro and Ramanan, Deva and Doll{\'a}r, Piotr and Zitnick, C Lawrence},
  booktitle={ECCV},
  pages={740--755},
  year={2014},
}

@article{konkle10,
  title={Conceptual distinctiveness supports detailed visual long-term memory for real-world objects.},
  author={Konkle, Talia and Brady, Timothy F and Alvarez, George A and Oliva, Aude},
  journal={Journal of Experimental Psychology: General},
  volume={139},
  number={3},
  pages={558},
  year={2010},
}

@inproceedings{judd09,
  title={Learning to predict where humans look},
  author={Judd, Tilke and Ehinger, Krista and Durand, Fr{\'e}do and Torralba, Antonio},
  booktitle={ICCV},
  pages={2106--2113},
  year={2009},
}

@article{sun08,
  title={SUN: A Bayesian framework for saliency using natural statistics},
  author={Zhang, Lingyun and Tong, Matthew H and Marks, Tim K and Shan, Honghao and Cottrell, Garrison W},
  journal={Journal of vision},
  volume={8},
  number={7},
  pages={32},
  year={2008},
}

@inproceedings{jia14,
  title={Caffe: Convolutional architecture for fast feature embedding},
  author={Jia, Yangqing and Shelhamer, Evan and Donahue, Jeff and Karayev, Sergey and Long, Jonathan and Girshick, Ross and Guadarrama, Sergio and Darrell, Trevor},
  booktitle={MM},
  pages={675--678},
  year={2014},
}

@inproceedings{krizhevsky12,
  title={Imagenet classification with deep convolutional neural networks},
  author={Krizhevsky, Alex and Sutskever, Ilya and Hinton, Geoffrey E},
  booktitle={NIPS},
  pages={1097--1105},
  year={2012}
}
@inproceedings{deng09,
  title={Imagenet: A large-scale hierarchical image database},
  author={Deng, Jia and Dong, Wei and Socher, Richard and Li, Li-Jia and Li, Kai and Fei-Fei, Li},
  booktitle={CVPR},
  pages={248--255},
  year={2009},
}

@inproceedings{arbelaez14,
  title={Multiscale combinatorial grouping},
  author={Arbelaez, Pablo and Pont-Tuset, Jordi and Barron, Jon and Marques, Ferran and Malik, Jitendra},
  booktitle={CVPR},
  pages={328--335},
  year={2014},
}

@inproceedings{dalal05,
  title={Histograms of oriented gradients for human detection},
  author={Dalal, Navneet and Triggs, Bill},
  booktitle={CVPR},
  pages={886--893},
  year={2005},
}

@article{lowe04,
  title={Distinctive image features from scale-invariant keypoints},
  author={Lowe, David G},
  journal={IJCV},
  volume={60},
  number={2},
  pages={91--110},
  year={2004},
}

@inproceedings{gb,
  title={Graph-based visual saliency},
  author={Harel, Jonathan and Koch, Christof and Perona, Pietro},
  booktitle={NIPS},
  pages={545--552},
  year={2006}
}

@inproceedings{aim,
  title={Saliency based on information maximization},
  author={Bruce, Neil and Tsotsos, John},
  booktitle={NIPS},
  pages={155--162},
  year={2005}
}

@inproceedings{dv,
  title={Dynamic visual attention: Searching for coding length increments},
  author={Hou, Xiaodi and Zhang, Liqing},
  booktitle={NIPS},
  pages={681--688},
  year={2009}
}

@article{it,
  title={A model of saliency-based visual attention for rapid scene analysis},
  author={Itti, Laurent and Koch, Christof and Niebur, Ernst},
  journal={PAMI},
  volume={20},
  number={11},
  pages={1254--1259},
  year={1998},
}

@inproceedings{gc,
  title={Global contrast based salient region detection},
  author={Cheng, Ming-Ming and Zhang, Guo-Xin and Mitra, Niloy J and Huang, Xiaolei and Hu, Shi-Min},
  booktitle={CVPR},
  pages={409--416},
  year={2011},
}

@inproceedings{pc,
  title={What makes a patch distinct?},
  author={Margolin, Ran and Tal, Ayellet and Zelnik-Manor, Lihi},
  booktitle={CVPR},
  pages={1139--1146},
  year={2013},
}

@inproceedings{sf,
  title={Saliency filters: Contrast based filtering for salient region detection},
  author={Perazzi, Federico and Krahenbuhl, Philipp and Pritch, Yael and Hornung, Alexander},
  booktitle={CVPR},
  pages={733--740},
  year={2012},
}

@inproceedings{ft,
  title={Frequency-tuned salient region detection},
  author={Achanta, Radhakrishna and Hemami, Sheila and Estrada, Francisco and Susstrunk, Sabine},
  booktitle={CVPR},
  pages={1597--1604},
  year={2009},
}

@article{borji13,
  title={Quantitative analysis of human-model agreement in visual saliency modeling: A comparative study},
  author={Borji, Ali and Sihite, Dicky N and Itti, Laurent},
  journal={TIO},
  volume={22},
  number={1},
  pages={55--69},
  year={2013},
}

@incollection{borji12,
  title={Salient object detection: A benchmark},
  author={Borji, Ali and Sihite, Dicky N and Itti, Laurent},
  booktitle={ECCV},
  pages={414--429},
  year={2012},
}

@inproceedings{cnn14,
  title={Rich feature hierarchies for accurate object detection and semantic segmentation},
  author={Girshick, Ross and Donahue, Jeff and Darrell, Trevor and Malik, Jitendra},
  booktitle={CVPR},
  pages={580--587},
  year={2014},
}

@inproceedings{lee2009convolutional,
  title={Convolutional deep belief networks for scalable unsupervised learning of hierarchical representations},
  author={Lee, Honglak and Grosse, Roger and Ranganath, Rajesh and Ng, Andrew Y},
  booktitle={ICML},
  pages={609--616},
  year={2009},
}

@article{tseng2009,
  title={Quantifying center bias of observers in free viewing of dynamic natural scenes},
  author={Tseng, Po-He and Carmi, Ran and Cameron, Ian GM and Munoz, Douglas P and Itti, Laurent},
  journal={Journal of vision},
  volume={9},
  number={7},
  pages={4},
  year={2009},
}

@inproceedings{berg12,
  title={Understanding and predicting importance in images},
  author={Berg, Alexander C and Berg, Tamara L and Daume, Hal and Dodge, Jesse and Goyal, Amit and Han, Xufeng and Mensch, Alyssa and Mitchell, Margaret and Sood, Aneesh and Stratos, Karl and others},
  booktitle={CVPR},
  pages={3562--3569},
  year={2012},
}
